@Book{bookdown,
    title = {bookdown: Authoring Books and Technical Documents with {R} Markdown},
    author = {Yihui Xie},
    publisher = {Chapman and Hall/CRC},
    address = {Boca Raton, Florida},
    year = {2016},
    note = {ISBN 978-1138700109},
    url = {https://github.com/rstudio/bookdown},
  }

@Manual{R-bookdown,
    title = {bookdown: Authoring Books and Technical Documents with R Markdown},
    author = {Yihui Xie},
    year = {2017},
    note = {R package version 0.5},
    url = {https://github.com/rstudio/bookdown},
  }
@InCollection{knitr,
    booktitle = {Implementing Reproducible Computational Research},
    editor = {Victoria Stodden and Friedrich Leisch and Roger D. Peng},
    title = {knitr: A Comprehensive Tool for Reproducible Research in {R}},
    author = {Yihui Xie},
    publisher = {Chapman and Hall/CRC},
    year = {2014},
    note = {ISBN 978-1466561595},
    url = {http://www.crcpress.com/product/isbn/9781466561595},
  }
@Book{book-knitr,
    title = {Dynamic Documents with {R} and knitr},
    author = {Yihui Xie},
    publisher = {Chapman and Hall/CRC},
    address = {Boca Raton, Florida},
    year = {2015},
    edition = {2nd},
    note = {ISBN 978-1498716963},
    url = {https://yihui.name/knitr/},
  }
@Manual{R-knitr,
    title = {knitr: A General-Purpose Package for Dynamic Report Generation in R},
    author = {Yihui Xie},
    year = {2017},
    note = {R package version 1.17},
    url = {https://yihui.name/knitr/},
  }

 @Manual{Rcmdr2017John,
    title = {{Rcmdr: R Commander}},
    author = {John Fox and Milan Bouchet-Valat},
    year = {2017},
    note = {R package version 2.4-1},
    url = {http://socserv.socsci.mcmaster.ca/jfox/Misc/Rcmdr/},
  }

 @Book{RCommander2017John,
    title = {Using the {R Commander}: A Point-and-Click Interface for {R}},
    author = {John Fox},
    year = {2017},
    publisher = {Chapman and Hall/CRC Press},
    address = {Boca Raton {FL}},
    url = {http://socserv.mcmaster.ca/jfox/Books/RCommander/},
  }



@Article{RCommander,
    title = {The {R} {C}ommander: A Basic Statistics Graphical User Interface to {R}},
    author = {John Fox},
    year = {2005},
    journal = {Journal of Statistical Software},
    volume = {14},
    number = {9},
    pages = {1--42},
    url = {http://www.jstatsoft.org/v14/i09},
  }

@Article{R-RWeka,
    title = {Open-Source Machine Learning: {R} Meets {Weka}},
    author = {Kurt Hornik and Christian Buchta and Achim Zeileis},
    journal = {Computational Statistics},
    year = {2009},
    volume = {24},
    number = {2},
    pages = {225--232},
    doi = {10.1007/s00180-008-0119-7},
  }
@Book{Book-Weka,
    title = {Data Mining: Practical Machine Learning Tools and Techniques},
    author = {Ian H. Witten and Eibe Frank},
    year = {2005},
    edition = {2nd},
    publisher = {Morgan Kaufmann},
    address = {San Francisco},
  }

@Book{rattle,
    title = {Data Mining with {Rattle} and {R}: The art of excavating data for knowledge discovery},
    author = {Graham J. Williams},
    publisher = {Springer},
    series = {Use R!},
    year = {2011},
    url = {https://rattle.togaware.com/},
  }


  